<marc:record xmlns:marc="http://www.loc.gov/MARC21/slim" xmlns:xsi="http://www.w3.org/2001/XMLSchema-instance" xsi:schemaLocation="http://www.loc.gov/MARC21/slim http://www.loc.gov/standards/marcxml/schema/MARC21slim.xsd">
  <marc:leader>     nam a2200193   45M</marc:leader>
  <marc:controlfield tag="001">001676560</marc:controlfield>
  <marc:controlfield tag="003">NNU</marc:controlfield>
  <marc:controlfield tag="005">20001218185516.0</marc:controlfield>
  <marc:controlfield tag="008">891107s1960    sy            00  0 ara  </marc:controlfield>
  <marc:datafield tag="010" ind1=" " ind2=" ">
    <marc:subfield code="a">ne 64003131</marc:subfield>
  </marc:datafield>
  <marc:datafield tag="035" ind1="9" ind2=" ">
    <marc:subfield code="a">NYUb12219918</marc:subfield>
  </marc:datafield>
  <marc:datafield tag="035" ind1=" " ind2=" ">
    <marc:subfield code="a">(CStRLIN)DCGGB1523518X-B</marc:subfield>
  </marc:datafield>
  <marc:datafield tag="100" ind1="1" ind2=" ">
    <marc:subfield code="a">Dīk al-Jinn, ʻAbd al-Salām ibn Raghbān,</marc:subfield>
    <marc:subfield code="d">778?-850?</marc:subfield>
  </marc:datafield>
  <marc:datafield tag="245" ind1="1" ind2="0">
    <marc:subfield code="a">Dīwān Dīk al-Jinn al-Ḥimṣī /</marc:subfield>
    <marc:subfield code="c">jamaʻahu wa-sharaḥahu ʻAbd al-Muʻīn al-Mulūḥī,Muḥyī al-Dīn al-Darwīsh.</marc:subfield>
  </marc:datafield>
  <marc:datafield tag="260" ind1=" " ind2=" ">
    <marc:subfield code="a">Ḥimṣ :</marc:subfield>
    <marc:subfield code="b">[s.n.],</marc:subfield>
    <marc:subfield code="c">1960.</marc:subfield>
  </marc:datafield>
  <marc:datafield tag="300" ind1=" " ind2=" ">
    <marc:subfield code="a">130 p. ;</marc:subfield>
    <marc:subfield code="c">25 cm.</marc:subfield>
  </marc:datafield>
  <marc:datafield tag="950" ind1=" " ind2=" ">
    <marc:subfield code="l">BMAIN</marc:subfield>
    <marc:subfield code="a">PJ7741.D55</marc:subfield>
    <marc:subfield code="b">A6 1960</marc:subfield>
  </marc:datafield>
  <marc:datafield tag="955" ind1=" " ind2=" ">
    <marc:subfield code="l">BMAIN</marc:subfield>
    <marc:subfield code="c">1</marc:subfield>
    <marc:subfield code="r">028857459</marc:subfield>
  </marc:datafield>
  <marc:datafield tag="987" ind1=" " ind2=" ">
    <marc:subfield code="a">match points : missing?</marc:subfield>
  </marc:datafield>
  <marc:datafield tag="998" ind1=" " ind2=" ">
    <marc:subfield code="s">9115</marc:subfield>
  </marc:datafield>
</marc:record>
